<?xml version="1.0" encoding="UTF-8"?><collection xmlns="http://www.loc.gov/MARC21/slim"><record><leader>00331nam--2200133-i-4500</leader><controlfield tag="001">000024019</controlfield><controlfield tag="002">20161230</controlfield><controlfield tag="005">20161230201035</controlfield><controlfield tag="008">060222s1000------------r-----000-0-eng-d</controlfield><datafield ind1=" " ind2=" " tag="080"><subfield code="a">550.34(083.5)</subfield></datafield><datafield ind1=" " ind2=" " tag="100"><subfield code="a">Jeffreys, Harold</subfield></datafield><datafield ind1=" " ind2=" " tag="245"><subfield code="a">Seismological tables</subfield></datafield><datafield ind1=" " ind2=" " tag="260"><subfield code="a">/F.L./Royal Astronomical Society, 1939, 49p</subfield></datafield><datafield ind1=" " ind2=" " tag="852"><subfield code="a">47631</subfield></datafield></record></collection>